@article{zigzag,
	author = {Ye, Xiaowei and Li, Rong-Hua and Dai, Qiangqiang and Qin, Hongchao and Wang, Guoren},
	title = {{Efficient Biclique Counting in Large Bipartite Graphs}},
	journal = {Proc. ACM Manag. Data},
	volume = {1},
	number = {1},
	pages = {1--26},
	year = {2023},
	month = may,
	publisher = {Association for Computing Machinery},
	doi = {10.1145/3588932}
}

@article{turanshadow,
	author = {Jain, Shweta and Seshadhri, C.},
	title = {{A Fast and Provable Method for Estimating Clique Counts Using Tur{\ifmmode\backslash\else\textbackslash\fi}'an's Theorem}},
	journal = {arXiv},
	year = {2016},
	month = nov,
	eprint = {1611.05561},
	doi = {10.48550/arXiv.1611.05561}
}

@INPROCEEDINGS{stoppingrule,
	author={Dagum, P. and Karp, R. and Luby, M. and Ross, S.},
	booktitle={Proceedings of IEEE 36th Annual Foundations of Computer Science}, 
	title={An optimal algorithm for Monte Carlo estimation}, 
	year={1995},
	volume={},
	number={},
	pages={142-149},
	keywords={Monte Carlo methods;Approximation algorithms;Estimation theory;Silicon compounds;Computer science;Upper bound;Algorithm design and analysis;Random variables;Probability;Design for experiments},
	doi={10.1109/SFCS.1995.492471}}
